<record><leader>00000cas a22000007a 4500</leader><controlfield tag="001">9551866</controlfield><controlfield tag="008">830527d19821985wauwr ne      0   a0eng d</controlfield><datafield ind1=" " ind2=" " tag="010"><subfield code="a">sn 83009358 </subfield></datafield><datafield ind1=" " ind2=" " tag="040"><subfield code="a">NSD</subfield><subfield code="b">eng</subfield><subfield code="c">NSD</subfield><subfield code="d">SLZ</subfield><subfield code="d">OCLCQ</subfield><subfield code="d">OCLCF</subfield><subfield code="d">OCLCO</subfield></datafield><datafield ind1=" " ind2=" " tag="012"><subfield code="m">1</subfield></datafield><datafield ind1="1" ind2=" " tag="022"><subfield code="a">0745-8983</subfield><subfield code="l">0745-8983</subfield><subfield code="2">1</subfield></datafield><datafield ind1="1" ind2=" " tag="029"><subfield code="a">AU@</subfield><subfield code="b">000025817499</subfield></datafield><datafield ind1=" " ind2=" " tag="032"><subfield code="a">695020</subfield><subfield code="b">USPS</subfield></datafield><datafield ind1=" " ind2=" " tag="037"><subfield code="b">McCarthy Publishing Co., 228 So. 2nd St., Yakima, WA</subfield></datafield><datafield ind1=" " ind2=" " tag="042"><subfield code="a">nsdp</subfield></datafield><datafield ind1=" " ind2=" " tag="043"><subfield code="a">n-us-wa</subfield></datafield><datafield ind1="0" ind2="4" tag="082"><subfield code="a">071.9755</subfield><subfield code="2">19</subfield></datafield><datafield ind1="0" ind2=" " tag="130"><subfield code="a">Sun press (Yakima, Wash.)</subfield></datafield><datafield ind1=" " ind2="0" tag="222"><subfield code="a">Sun press</subfield><subfield code="b">(Yakima, Wash.)</subfield></datafield><datafield ind1="1" ind2="0" tag="245"><subfield code="a">Sun press.</subfield></datafield><datafield ind1="3" ind2="0" tag="246"><subfield code="a">Sunpress</subfield></datafield><datafield ind1=" " ind2=" " tag="260"><subfield code="a">Yakima, Wash. :</subfield><subfield code="b">McCarthy Pub. Co.</subfield></datafield><datafield ind1=" " ind2=" " tag="300"><subfield code="a">v.</subfield></datafield><datafield ind1=" " ind2=" " tag="310"><subfield code="a">Weekly</subfield></datafield><datafield ind1="0" ind2=" " tag="362"><subfield code="a">32nd year, issue no. 47 (Dec. 2, 1982)-Jan. 28, 1985.</subfield></datafield><datafield ind1=" " ind2=" " tag="500"><subfield code="a">Title varies slightly.</subfield></datafield><datafield ind1=" " ind2="0" tag="651"><subfield code="a">Yakima (Wash.)</subfield><subfield code="v">Newspapers.</subfield></datafield><datafield ind1=" " ind2="7" tag="655"><subfield code="a">Newspapers.</subfield><subfield code="2">fast</subfield><subfield code="0">(OCoLC)fst01423814</subfield></datafield><datafield ind1=" " ind2="7" tag="651"><subfield code="a">Washington (State)</subfield><subfield code="z">Yakima.</subfield><subfield code="2">fast</subfield><subfield code="0">(OCoLC)fst01205471</subfield></datafield><datafield ind1=" " ind2=" " tag="752"><subfield code="a">United States</subfield><subfield code="b">Washington</subfield><subfield code="c">Yakima</subfield><subfield code="d">Yakima.</subfield></datafield><datafield ind1="0" ind2="0" tag="780"><subfield code="t">Yakima Valley sun</subfield><subfield code="w">(DLC)sn 88085527</subfield></datafield><datafield ind1=" " ind2=" " tag="936"><subfield code="a">May 14, 1983</subfield></datafield></record>